@Article{Einstein1905,
  author =       "Albert Einstein",
  title =        "{Zur Elektrodynamik bewegter K{\"o}rper}",
  journal =      j-ANN-PHYS-1900-4,
  volume =       "322",
  number =       "10",
  pages =        "891--921",
  year =         "1905",
  DOI =          "10.1002/andp.19053221004",
  journal = {Annalen der Physik}
}
@article{Tversky1974,
  title = {Judgment under Uncertainty: Heuristics and Biases: Biases in judgments reveal some heuristics of thinking under uncertainty.},
  volume = {185},
  ISSN = {1095-9203},
  url = {http://dx.doi.org/10.1126/science.185.4157.1124},
  DOI = {10.1126/science.185.4157.1124},
  number = {4157},
  journal = {Science},
  publisher = {American Association for the Advancement of Science (AAAS)},
  author = {Tversky,  Amos and Kahneman,  Daniel},
  year = {1974},
  month = sep,
  pages = {1124â€“1131}
}